%YAML 1.1
%TAG !u! tag:unity3d.com,2011:
--- !u!1 &8091198337007950315
GameObject:
  m_ObjectHideFlags: 0
  m_CorrespondingSourceObject: {fileID: 0}
  m_PrefabInstance: {fileID: 0}
  m_PrefabAsset: {fileID: 0}
  serializedVersion: 6
  m_Component:
  - component: {fileID: 4903943835976260939}
  m_Layer: 0
  m_Name: Full Aisle Short
  m_TagString: Untagged
  m_Icon: {fileID: 0}
  m_NavMeshLayer: 0
  m_StaticEditorFlags: 0
  m_IsActive: 1
--- !u!4 &4903943835976260939
Transform:
  m_ObjectHideFlags: 0
  m_CorrespondingSourceObject: {fileID: 0}
  m_PrefabInstance: {fileID: 0}
  m_PrefabAsset: {fileID: 0}
  m_GameObject: {fileID: 8091198337007950315}
  m_LocalRotation: {x: 0, y: 0, z: 0, w: 1}
  m_LocalPosition: {x: -14.981518, y: 16.126526, z: 170.70746}
  m_LocalScale: {x: 1, y: 1, z: 1}
  m_Children:
  - {fileID: 7674645273328820275}
  - {fileID: 510671317861898613}
  - {fileID: 3877681075654677071}
  - {fileID: 5431629989885776878}
  m_Father: {fileID: 0}
  m_RootOrder: 0
  m_LocalEulerAnglesHint: {x: 0, y: 0, z: 0}
--- !u!1001 &1857962117328391080
PrefabInstance:
  m_ObjectHideFlags: 0
  serializedVersion: 2
  m_Modification:
    m_TransformParent: {fileID: 4903943835976260939}
    m_Modifications:
    - target: {fileID: 831650833800670751, guid: d51d2f5e1f7d8644eb00c2321fb07d2f,
        type: 3}
      propertyPath: m_Name
      value: Endcap
      objectReference: {fileID: 0}
    - target: {fileID: 8307205645440445339, guid: d51d2f5e1f7d8644eb00c2321fb07d2f,
        type: 3}
      propertyPath: m_LocalPosition.x
      value: -10.633951
      objectReference: {fileID: 0}
    - target: {fileID: 8307205645440445339, guid: d51d2f5e1f7d8644eb00c2321fb07d2f,
        type: 3}
      propertyPath: m_LocalPosition.y
      value: -8.605431
      objectReference: {fileID: 0}
    - target: {fileID: 8307205645440445339, guid: d51d2f5e1f7d8644eb00c2321fb07d2f,
        type: 3}
      propertyPath: m_LocalPosition.z
      value: -46.14746
      objectReference: {fileID: 0}
    - target: {fileID: 8307205645440445339, guid: d51d2f5e1f7d8644eb00c2321fb07d2f,
        type: 3}
      propertyPath: m_LocalRotation.x
      value: -0
      objectReference: {fileID: 0}
    - target: {fileID: 8307205645440445339, guid: d51d2f5e1f7d8644eb00c2321fb07d2f,
        type: 3}
      propertyPath: m_LocalRotation.y
      value: -0
      objectReference: {fileID: 0}
    - target: {fileID: 8307205645440445339, guid: d51d2f5e1f7d8644eb00c2321fb07d2f,
        type: 3}
      propertyPath: m_LocalRotation.z
      value: -0
      objectReference: {fileID: 0}
    - target: {fileID: 8307205645440445339, guid: d51d2f5e1f7d8644eb00c2321fb07d2f,
        type: 3}
      propertyPath: m_LocalRotation.w
      value: 1
      objectReference: {fileID: 0}
    - target: {fileID: 8307205645440445339, guid: d51d2f5e1f7d8644eb00c2321fb07d2f,
        type: 3}
      propertyPath: m_RootOrder
      value: 0
      objectReference: {fileID: 0}
    - target: {fileID: 8307205645440445339, guid: d51d2f5e1f7d8644eb00c2321fb07d2f,
        type: 3}
      propertyPath: m_LocalEulerAnglesHint.x
      value: 0
      objectReference: {fileID: 0}
    - target: {fileID: 8307205645440445339, guid: d51d2f5e1f7d8644eb00c2321fb07d2f,
        type: 3}
      propertyPath: m_LocalEulerAnglesHint.y
      value: 0
      objectReference: {fileID: 0}
    - target: {fileID: 8307205645440445339, guid: d51d2f5e1f7d8644eb00c2321fb07d2f,
        type: 3}
      propertyPath: m_LocalEulerAnglesHint.z
      value: 0
      objectReference: {fileID: 0}
    m_RemovedComponents: []
  m_SourcePrefab: {fileID: 100100000, guid: d51d2f5e1f7d8644eb00c2321fb07d2f, type: 3}
--- !u!4 &7674645273328820275 stripped
Transform:
  m_CorrespondingSourceObject: {fileID: 8307205645440445339, guid: d51d2f5e1f7d8644eb00c2321fb07d2f,
    type: 3}
  m_PrefabInstance: {fileID: 1857962117328391080}
  m_PrefabAsset: {fileID: 0}
--- !u!1001 &4046511992529811573
PrefabInstance:
  m_ObjectHideFlags: 0
  serializedVersion: 2
  m_Modification:
    m_TransformParent: {fileID: 4903943835976260939}
    m_Modifications:
    - target: {fileID: 831650833800670751, guid: d51d2f5e1f7d8644eb00c2321fb07d2f,
        type: 3}
      propertyPath: m_Name
      value: Endcap (1)
      objectReference: {fileID: 0}
    - target: {fileID: 8307205645440445339, guid: d51d2f5e1f7d8644eb00c2321fb07d2f,
        type: 3}
      propertyPath: m_LocalPosition.x
      value: 4.3660717
      objectReference: {fileID: 0}
    - target: {fileID: 8307205645440445339, guid: d51d2f5e1f7d8644eb00c2321fb07d2f,
        type: 3}
      propertyPath: m_LocalPosition.y
      value: -8.605431
      objectReference: {fileID: 0}
    - target: {fileID: 8307205645440445339, guid: d51d2f5e1f7d8644eb00c2321fb07d2f,
        type: 3}
      propertyPath: m_LocalPosition.z
      value: 9.492538
      objectReference: {fileID: 0}
    - target: {fileID: 8307205645440445339, guid: d51d2f5e1f7d8644eb00c2321fb07d2f,
        type: 3}
      propertyPath: m_LocalRotation.x
      value: -0
      objectReference: {fileID: 0}
    - target: {fileID: 8307205645440445339, guid: d51d2f5e1f7d8644eb00c2321fb07d2f,
        type: 3}
      propertyPath: m_LocalRotation.y
      value: 1
      objectReference: {fileID: 0}
    - target: {fileID: 8307205645440445339, guid: d51d2f5e1f7d8644eb00c2321fb07d2f,
        type: 3}
      propertyPath: m_LocalRotation.z
      value: -0
      objectReference: {fileID: 0}
    - target: {fileID: 8307205645440445339, guid: d51d2f5e1f7d8644eb00c2321fb07d2f,
        type: 3}
      propertyPath: m_LocalRotation.w
      value: 0.000274431
      objectReference: {fileID: 0}
    - target: {fileID: 8307205645440445339, guid: d51d2f5e1f7d8644eb00c2321fb07d2f,
        type: 3}
      propertyPath: m_RootOrder
      value: 3
      objectReference: {fileID: 0}
    - target: {fileID: 8307205645440445339, guid: d51d2f5e1f7d8644eb00c2321fb07d2f,
        type: 3}
      propertyPath: m_LocalEulerAnglesHint.x
      value: 0
      objectReference: {fileID: 0}
    - target: {fileID: 8307205645440445339, guid: d51d2f5e1f7d8644eb00c2321fb07d2f,
        type: 3}
      propertyPath: m_LocalEulerAnglesHint.y
      value: 179.96901
      objectReference: {fileID: 0}
    - target: {fileID: 8307205645440445339, guid: d51d2f5e1f7d8644eb00c2321fb07d2f,
        type: 3}
      propertyPath: m_LocalEulerAnglesHint.z
      value: 0
      objectReference: {fileID: 0}
    m_RemovedComponents: []
  m_SourcePrefab: {fileID: 100100000, guid: d51d2f5e1f7d8644eb00c2321fb07d2f, type: 3}
--- !u!4 &5431629989885776878 stripped
Transform:
  m_CorrespondingSourceObject: {fileID: 8307205645440445339, guid: d51d2f5e1f7d8644eb00c2321fb07d2f,
    type: 3}
  m_PrefabInstance: {fileID: 4046511992529811573}
  m_PrefabAsset: {fileID: 0}
--- !u!1001 &5453763506480880469
PrefabInstance:
  m_ObjectHideFlags: 0
  serializedVersion: 2
  m_Modification:
    m_TransformParent: {fileID: 4903943835976260939}
    m_Modifications:
    - target: {fileID: 446001165180051163, guid: 753703584d2b97a4596da81a9a3e2825,
        type: 3}
      propertyPath: m_Name
      value: Aisle-short (1)
      objectReference: {fileID: 0}
    - target: {fileID: 9115254203255539994, guid: 753703584d2b97a4596da81a9a3e2825,
        type: 3}
      propertyPath: m_LocalPosition.x
      value: 7.0815177
      objectReference: {fileID: 0}
    - target: {fileID: 9115254203255539994, guid: 753703584d2b97a4596da81a9a3e2825,
        type: 3}
      propertyPath: m_LocalPosition.y
      value: -6.680395
      objectReference: {fileID: 0}
    - target: {fileID: 9115254203255539994, guid: 753703584d2b97a4596da81a9a3e2825,
        type: 3}
      propertyPath: m_LocalPosition.z
      value: -17.775574
      objectReference: {fileID: 0}
    - target: {fileID: 9115254203255539994, guid: 753703584d2b97a4596da81a9a3e2825,
        type: 3}
      propertyPath: m_LocalRotation.x
      value: -0
      objectReference: {fileID: 0}
    - target: {fileID: 9115254203255539994, guid: 753703584d2b97a4596da81a9a3e2825,
        type: 3}
      propertyPath: m_LocalRotation.y
      value: 0.7073312
      objectReference: {fileID: 0}
    - target: {fileID: 9115254203255539994, guid: 753703584d2b97a4596da81a9a3e2825,
        type: 3}
      propertyPath: m_LocalRotation.z
      value: -0
      objectReference: {fileID: 0}
    - target: {fileID: 9115254203255539994, guid: 753703584d2b97a4596da81a9a3e2825,
        type: 3}
      propertyPath: m_LocalRotation.w
      value: -0.7068824
      objectReference: {fileID: 0}
    - target: {fileID: 9115254203255539994, guid: 753703584d2b97a4596da81a9a3e2825,
        type: 3}
      propertyPath: m_RootOrder
      value: 2
      objectReference: {fileID: 0}
    - target: {fileID: 9115254203255539994, guid: 753703584d2b97a4596da81a9a3e2825,
        type: 3}
      propertyPath: m_LocalEulerAnglesHint.x
      value: 0
      objectReference: {fileID: 0}
    - target: {fileID: 9115254203255539994, guid: 753703584d2b97a4596da81a9a3e2825,
        type: 3}
      propertyPath: m_LocalEulerAnglesHint.y
      value: 269.964
      objectReference: {fileID: 0}
    - target: {fileID: 9115254203255539994, guid: 753703584d2b97a4596da81a9a3e2825,
        type: 3}
      propertyPath: m_LocalEulerAnglesHint.z
      value: 0
      objectReference: {fileID: 0}
    m_RemovedComponents: []
  m_SourcePrefab: {fileID: 100100000, guid: 753703584d2b97a4596da81a9a3e2825, type: 3}
--- !u!4 &3877681075654677071 stripped
Transform:
  m_CorrespondingSourceObject: {fileID: 9115254203255539994, guid: 753703584d2b97a4596da81a9a3e2825,
    type: 3}
  m_PrefabInstance: {fileID: 5453763506480880469}
  m_PrefabAsset: {fileID: 0}
--- !u!1001 &8748708179527684207
PrefabInstance:
  m_ObjectHideFlags: 0
  serializedVersion: 2
  m_Modification:
    m_TransformParent: {fileID: 4903943835976260939}
    m_Modifications:
    - target: {fileID: 446001165180051163, guid: 753703584d2b97a4596da81a9a3e2825,
        type: 3}
      propertyPath: m_Name
      value: Aisle-short
      objectReference: {fileID: 0}
    - target: {fileID: 9115254203255539994, guid: 753703584d2b97a4596da81a9a3e2825,
        type: 3}
      propertyPath: m_LocalPosition.x
      value: -13.522297
      objectReference: {fileID: 0}
    - target: {fileID: 9115254203255539994, guid: 753703584d2b97a4596da81a9a3e2825,
        type: 3}
      propertyPath: m_LocalPosition.y
      value: -6.680395
      objectReference: {fileID: 0}
    - target: {fileID: 9115254203255539994, guid: 753703584d2b97a4596da81a9a3e2825,
        type: 3}
      propertyPath: m_LocalPosition.z
      value: -19.10765
      objectReference: {fileID: 0}
    - target: {fileID: 9115254203255539994, guid: 753703584d2b97a4596da81a9a3e2825,
        type: 3}
      propertyPath: m_LocalRotation.x
      value: -0
      objectReference: {fileID: 0}
    - target: {fileID: 9115254203255539994, guid: 753703584d2b97a4596da81a9a3e2825,
        type: 3}
      propertyPath: m_LocalRotation.y
      value: 0.70710576
      objectReference: {fileID: 0}
    - target: {fileID: 9115254203255539994, guid: 753703584d2b97a4596da81a9a3e2825,
        type: 3}
      propertyPath: m_LocalRotation.z
      value: -0
      objectReference: {fileID: 0}
    - target: {fileID: 9115254203255539994, guid: 753703584d2b97a4596da81a9a3e2825,
        type: 3}
      propertyPath: m_LocalRotation.w
      value: 0.7071079
      objectReference: {fileID: 0}
    - target: {fileID: 9115254203255539994, guid: 753703584d2b97a4596da81a9a3e2825,
        type: 3}
      propertyPath: m_RootOrder
      value: 1
      objectReference: {fileID: 0}
    - target: {fileID: 9115254203255539994, guid: 753703584d2b97a4596da81a9a3e2825,
        type: 3}
      propertyPath: m_LocalEulerAnglesHint.x
      value: 0
      objectReference: {fileID: 0}
    - target: {fileID: 9115254203255539994, guid: 753703584d2b97a4596da81a9a3e2825,
        type: 3}
      propertyPath: m_LocalEulerAnglesHint.y
      value: 90.00001
      objectReference: {fileID: 0}
    - target: {fileID: 9115254203255539994, guid: 753703584d2b97a4596da81a9a3e2825,
        type: 3}
      propertyPath: m_LocalEulerAnglesHint.z
      value: 0
      objectReference: {fileID: 0}
    m_RemovedComponents: []
  m_SourcePrefab: {fileID: 100100000, guid: 753703584d2b97a4596da81a9a3e2825, type: 3}
--- !u!4 &510671317861898613 stripped
Transform:
  m_CorrespondingSourceObject: {fileID: 9115254203255539994, guid: 753703584d2b97a4596da81a9a3e2825,
    type: 3}
  m_PrefabInstance: {fileID: 8748708179527684207}
  m_PrefabAsset: {fileID: 0}
